<record><leader>00000cas a22000007a 4500</leader><controlfield tag="001">24435741</controlfield><controlfield tag="008">910923d18761890mouwr ne      0    0eng d</controlfield><controlfield tag="009">9538</controlfield><datafield ind1=" " ind2=" " tag="010"><subfield code="a">sn 91061138 </subfield></datafield><datafield ind1=" " ind2=" " tag="040"><subfield code="a">MQN</subfield><subfield code="b">eng</subfield><subfield code="c">MQN</subfield><subfield code="d">OCLCQ</subfield></datafield><datafield ind1="1" ind2=" " tag="029"><subfield code="a">AU@</subfield><subfield code="b">000025898053</subfield></datafield><datafield ind1=" " ind2=" " tag="042"><subfield code="a">msc</subfield></datafield><datafield ind1="0" ind2="0" tag="245"><subfield code="a">Holt County press.</subfield></datafield><datafield ind1=" " ind2=" " tag="260"><subfield code="a">Oregon, Holt County, Mo. :</subfield><subfield code="b">Henry Shutts,</subfield><subfield code="c">1876-1890.</subfield></datafield><datafield ind1=" " ind2=" " tag="300"><subfield code="a">v.</subfield></datafield><datafield ind1=" " ind2=" " tag="310"><subfield code="a">Weekly</subfield></datafield><datafield ind1="0" ind2=" " tag="362"><subfield code="a">Vol. 1, no. 1 (Aug. 10, 1876)-v. 14, no. 39 (May 2, 1890).</subfield></datafield><datafield ind1=" " ind2="4" tag="651"><subfield code="a">Holt County (Mo.)</subfield><subfield code="v">Newspapers.</subfield></datafield><datafield ind1=" " ind2=" " tag="752"><subfield code="a">United States</subfield><subfield code="b">Missouri</subfield><subfield code="c">Holt</subfield><subfield code="d">Oregon.</subfield></datafield><datafield ind1="0" ind2="0" tag="780"><subfield code="t">Missouri Valley times (Oregon, Mo.)</subfield><subfield code="w">(DLC)sn 87052172</subfield></datafield></record>